<record><leader>00000cas a22000007a 4500</leader><controlfield tag="001">28446938</controlfield><controlfield tag="008">930714d18uu18uumoudr ne      0    0eng d</controlfield><datafield ind1=" " ind2=" " tag="010"><subfield code="a">sn 93060030 </subfield></datafield><datafield ind1=" " ind2=" " tag="040"><subfield code="a">MQN</subfield><subfield code="b">eng</subfield><subfield code="c">MQN</subfield><subfield code="d">OCL</subfield><subfield code="d">OCLCQ</subfield><subfield code="d">OCLCF</subfield><subfield code="d">OCLCO</subfield></datafield><datafield ind1=" " ind2=" " tag="042"><subfield code="a">msc</subfield></datafield><datafield ind1=" " ind2=" " tag="043"><subfield code="a">n-us-mo</subfield></datafield><datafield ind1="0" ind2=" " tag="130"><subfield code="a">Daily gazette (Jamesport, Mo.)</subfield></datafield><datafield ind1="1" ind2="4" tag="245"><subfield code="a">The daily gazette.</subfield></datafield><datafield ind1=" " ind2=" " tag="260"><subfield code="a">Jamesport, Mo. :</subfield><subfield code="b">[s.n.]</subfield></datafield><datafield ind1=" " ind2=" " tag="300"><subfield code="a">v.</subfield></datafield><datafield ind1=" " ind2=" " tag="310"><subfield code="a">Daily</subfield></datafield><datafield ind1=" " ind2=" " tag="588"><subfield code="a">Description based on: Vol. 2, no. 1 (Sept. 28, 1880).</subfield></datafield><datafield ind1=" " ind2="0" tag="651"><subfield code="a">Jamesport (Mo.)</subfield><subfield code="v">Newspapers.</subfield></datafield><datafield ind1=" " ind2="7" tag="655"><subfield code="a">Newspapers.</subfield><subfield code="2">fast</subfield><subfield code="0">(OCoLC)fst01423814</subfield></datafield><datafield ind1=" " ind2="7" tag="651"><subfield code="a">Missouri</subfield><subfield code="z">Jamesport.</subfield><subfield code="2">fast</subfield><subfield code="0">(OCoLC)fst01297108</subfield></datafield><datafield ind1=" " ind2=" " tag="752"><subfield code="a">United States</subfield><subfield code="b">Missouri</subfield><subfield code="c">Daviess</subfield><subfield code="d">Jamesport.</subfield></datafield><datafield ind1="0" ind2=" " tag="775"><subfield code="t">Jamesport gazette (Jamesport, Mo. : 1878)</subfield><subfield code="w">(DLC)sn 90061039</subfield></datafield></record>